@book{EpsteinJoshuaM.author.GSSS,
publisher = {Princeton University Press,},
isbn = {9780691125473},
title = {Generative Social Science: Studies in Agent-Based Computational Modeling /},
edition = {Course Book.},
address = {Princeton, N.J. :},
author = {Epstein, Joshua M., author.},
}

@article{forgy65,
  added-at = {2017-11-13T20:06:06.000+0100},
  author = {Forgy, E.},
  biburl = {https://www.bibsonomy.org/bibtex/21e31409932ce91df646c4731350e1207/tomhanika},
  interhash = {c86383cba8cfe00d5e6ef200016aca3f},
  intrahash = {1e31409932ce91df646c4731350e1207},
  journal = {Biometrics},
  keywords = {clustering kdd17 kmeans partition},
  number = 3,
  pages = {768-769},
  timestamp = {2017-11-13T20:06:06.000+0100},
  title = {Cluster Analysis of Multivariate Data: Efficiency versus Interpretability of Classification},
  volume = 21,
  year = 1965
}


@article{doi:10.1080/01621459.1963.10500845,
author = { Joe H.   Ward   Jr. },
title = {Hierarchical Grouping to Optimize an Objective Function},
journal = {Journal of the American Statistical Association},
volume = {58},
number = {301},
pages = {236-244},
year  = {1963},
publisher = {Taylor & Francis},
doi = {10.1080/01621459.1963.10500845},

URL = { 
        https://www.tandfonline.com/doi/abs/10.1080/01621459.1963.10500845
    
},
eprint = { 
        https://www.tandfonline.com/doi/pdf/10.1080/01621459.1963.10500845
    
}

}

@article{forgy65,
  added-at = {2017-11-13T20:06:06.000+0100},
  author = {Forgy, E.},
  biburl = {https://www.bibsonomy.org/bibtex/21e31409932ce91df646c4731350e1207/tomhanika},
  interhash = {c86383cba8cfe00d5e6ef200016aca3f},
  intrahash = {1e31409932ce91df646c4731350e1207},
  journal = {Biometrics},
  keywords = {clustering kdd17 kmeans partition},
  number = 3,
  pages = {768-769},
  timestamp = {2017-11-13T20:06:06.000+0100},
  title = {Cluster Analysis of Multivariate Data: Efficiency versus Interpretability of Classification},
  volume = 21,
  year = 1965
}


